<record><leader>00000cas a2200000 a 4500</leader><controlfield tag="001">32255297</controlfield><controlfield tag="008">950404d1uuu193unyuwr ne      0    0eng c</controlfield><datafield ind1=" " ind2=" " tag="010"><subfield code="a">sn 95071124 </subfield></datafield><datafield ind1=" " ind2=" " tag="040"><subfield code="a">NYS</subfield><subfield code="b">eng</subfield><subfield code="c">NYS</subfield><subfield code="d">OCLCQ</subfield><subfield code="d">OCLCF</subfield><subfield code="d">OCLCO</subfield></datafield><datafield ind1="1" ind2=" " tag="029"><subfield code="a">AU@</subfield><subfield code="b">000011677548</subfield></datafield><datafield ind1=" " ind2=" " tag="042"><subfield code="a">pcc</subfield></datafield><datafield ind1=" " ind2=" " tag="043"><subfield code="a">n-us-ny</subfield></datafield><datafield ind1="0" ind2="4" tag="245"><subfield code="a">The Enterprise and Lancaster times.</subfield></datafield><datafield ind1="3" ind2="0" tag="246"><subfield code="a">Enterprise</subfield></datafield><datafield ind1="3" ind2="0" tag="246"><subfield code="a">Lancaster times</subfield></datafield><datafield ind1="1" ind2="3" tag="246"><subfield code="a">Enterprise-times</subfield></datafield><datafield ind1=" " ind2=" " tag="260"><subfield code="a">Lancaster, N.Y. :</subfield><subfield code="b">John Soemann</subfield></datafield><datafield ind1=" " ind2=" " tag="300"><subfield code="a">v.</subfield></datafield><datafield ind1=" " ind2=" " tag="310"><subfield code="a">Weekly</subfield></datafield><datafield ind1=" " ind2=" " tag="500"><subfield code="a">"The Enterprise" is superimposed over "and Lancaster Times," &lt;1922&gt;.</subfield></datafield><datafield ind1=" " ind2=" " tag="588"><subfield code="a">Description based on: Vol. 34, no. 31 (Jan. 5, 1912).</subfield></datafield><datafield ind1=" " ind2="0" tag="651"><subfield code="a">Lancaster (N.Y.)</subfield><subfield code="v">Newspapers.</subfield></datafield><datafield ind1=" " ind2="0" tag="651"><subfield code="a">Erie County (N.Y.)</subfield><subfield code="v">Newspapers.</subfield></datafield><datafield ind1=" " ind2="7" tag="655"><subfield code="a">Newspapers.</subfield><subfield code="2">fast</subfield><subfield code="0">(OCoLC)fst01423814</subfield></datafield><datafield ind1=" " ind2="7" tag="651"><subfield code="a">New York (State)</subfield><subfield code="z">Erie County.</subfield><subfield code="2">fast</subfield><subfield code="0">(OCoLC)fst01202692</subfield></datafield><datafield ind1=" " ind2="7" tag="651"><subfield code="a">New York (State)</subfield><subfield code="z">Lancaster.</subfield><subfield code="2">fast</subfield><subfield code="0">(OCoLC)fst01278861</subfield></datafield><datafield ind1=" " ind2=" " tag="752"><subfield code="a">United States</subfield><subfield code="b">New York</subfield><subfield code="c">Erie</subfield><subfield code="d">Lancaster.</subfield></datafield><datafield ind1="0" ind2="0" tag="780"><subfield code="a">Lancaster enterprise-times</subfield></datafield><datafield ind1="0" ind2="0" tag="785"><subfield code="t">Lancaster enterprise (Lancaster, N.Y.)</subfield><subfield code="w">(DLC)sn 92062076</subfield><subfield code="w">(OCoLC)26487370</subfield></datafield></record>